@article{kumar2018fast,
	title={Fast and scalable big data trajectory clustering for understanding urban mobility},
	author={Kumar, Dheeraj and Wu, Huayu and Rajasegarar, Sutharshan and Leckie, Christopher and Krishnaswamy, Shonali and Palaniswami, Marimuthu},
	journal={IEEE Transactions on Intelligent Transportation Systems},
	volume={19},
	number={11},
	pages={3709--3722},
	year={2018},
	publisher={IEEE}
}

@article{zambrano2016marco,
  title={Marco de trabajo para el dise{\~n}o de una arquitectura ITS en Ecuador que mejore la interoperabilidad y el despliegue de los sistemas de control de tr{\'a}fico vehicular/[Framework for designing an ITS architecture in Ecuador that improves the interoperability and deployment of vehicular traffic control systems]},
  author={Zambrano, Gary Reyes and Senti, Vivian Estrada},
  journal={International Journal of Innovation and Applied Studies},
  volume={14},
  number={4},
  pages={886},
  year={2016},
  publisher={International Journal of Innovation and Applied Studies}
}
